@ARTICLE{Luger2021,
       author = { {Luger}, Rodrigo and {Bedell}, Megan and {Foreman-Mackey}, Daniel and {Crossfield}, Ian J.~M. and {Zhao}, Lily L. and {Hogg}, David W.},
        title = "{Mapping stellar surfaces III: An Efficient, Scalable, and Open-Source Doppler Imaging Model}",
      journal = {arXiv e-prints},
     keywords = {Astrophysics - Solar and Stellar Astrophysics, Astrophysics - Earth and Planetary Astrophysics, Astrophysics - Instrumentation and Methods for Astrophysics},
         year = 2021,
        month = oct,
          eid = {arXiv:2110.06271},
        pages = {arXiv:2110.06271},
archivePrefix = {arXiv},
       eprint = {2110.06271},
 primaryClass = {astro-ph.SR},
       adsurl = {https://ui.adsabs.harvard.edu/abs/2021arXiv211006271L},
      adsnote = {Provided by the SAO/NASA Astrophysics Data System}
}

@ARTICLE{virtanen2020,
       author = {{Virtanen}, Pauli and {Gommers}, Ralf and {Oliphant}, Travis E. and
         {Haberland}, Matt and {Reddy}, Tyler and {Cournapeau}, David and
         {Burovski}, Evgeni and {Peterson}, Pearu and {Weckesser}, Warren and
         {Bright}, Jonathan and {van der Walt}, St{\'e}fan J. and
         {Brett}, Matthew and {Wilson}, Joshua and {Millman}, K. Jarrod and
         {Mayorov}, Nikolay and {Nelson}, Andrew R.~J. and {Jones}, Eric and
         {Kern}, Robert and {Larson}, Eric and {Carey}, C.~J. and
         {Polat}, {\.I}lhan and {Feng}, Yu and {Moore}, Eric W. and {Vand
        erPlas}, Jake and {Laxalde}, Denis and {Perktold}, Josef and
         {Cimrman}, Robert and {Henriksen}, Ian and {Quintero}, E.~A. and
         {Harris}, Charles R. and {Archibald}, Anne M. and
         {Ribeiro}, Ant{\^o}nio H. and {Pedregosa}, Fabian and
         {van Mulbregt}, Paul and {SciPy 1. 0 Contributors}},
        title = "{SciPy 1.0: fundamental algorithms for scientific computing in Python}",
      journal = {Nature Methods},
     keywords = {Computer Science - Mathematical Software, Computer Science - Data Structures and Algorithms, Computer Science - Software Engineering, Physics - Computational Physics},
         year = 2020,
        month = feb,
       volume = {17},
        pages = {261-272},
          doi = {10.1038/s41592-019-0686-2},
archivePrefix = {arXiv},
       eprint = {1907.10121},
 primaryClass = {cs.MS},
       adsurl = {https://ui.adsabs.harvard.edu/abs/2020NatMe..17..261V},
      adsnote = {Provided by the SAO/NASA Astrophysics Data System}
}

@Article{	  wenger2000,
  author	= {{Wenger}, M. and {Ochsenbein}, F. and {Egret}, D. and
		  {Dubois}, P. and {Bonnarel}, F. and {Borde}, S. and
		  {Genova}, F. and {Jasniewicz}, G. and {Lalo{\"e}}, S. and
		  {Lesteven}, S. and {Monier}, R.},
  title		= "{The SIMBAD astronomical database. The CDS reference
		  database for astronomical objects}",
  journal	= {\aaps},
  eprint	= {astro-ph/0002110},
  keywords	= {ASTRONOMICAL DATA BASES: MISCELLANEOUS, CATALOGS},
  year		= 2000,
  month		= apr,
  volume	= 143,
  pages		= {9-22},
  doi		= {10.1051/aas:2000332},
  adsurl	= {http://adsabs.harvard.edu/abs/2000A%26AS..143....9W},
  adsnote	= {Provided by the SAO/NASA Astrophysics Data System}
}


@ARTICLE{Watt21,
       author = {{Watt}, Lewis and {Leinhardt}, Zoe and {Su}, Kate Y.~L.},
        title = "{Planetary embryo collisions and the wiggly nature of extreme debris discs}",
      journal = {\mnras},
     keywords = {methods: numerical, planets and satellites: formation, circumstellar matter, Astrophysics - Earth and Planetary Astrophysics},
         year = 2021,
        month = apr,
       volume = {502},
       number = {2},
        pages = {2984-3002},
          doi = {10.1093/mnras/stab106},
archivePrefix = {arXiv},
       eprint = {2101.05106},
 primaryClass = {astro-ph.EP},
       adsurl = {https://ui.adsabs.harvard.edu/abs/2021MNRAS.502.2984W},
      adsnote = {Provided by the SAO/NASA Astrophysics Data System}
}


@Article{	  astropy_2,
  author	= {{Astropy Collaboration} and {Price-Whelan}, A.~M. and
		  {Sip{\H o}cz}, B.~M. and {G{\"u}nther}, H.~M. and {Lim},
		  P.~L. and {Crawford}, S.~M. and {Conseil}, S. and {Shupe},
		  D.~L. and {Craig}, M.~W. and {Dencheva}, N. and {Ginsburg},
		  A. and {VanderPlas}, J.~T. and {Bradley}, L.~D. and
		  {P{\'e}rez-Su{\'a}rez}, D. and {de Val-Borro}, M. and
		  {Aldcroft}, T.~L. and {Cruz}, K.~L. and {Robitaille}, T.~P.
		  and {Tollerud}, E.~J. and {Ardelean}, C. and {Babej}, T.
		  and {Bach}, Y.~P. and {Bachetti}, M. and {Bakanov}, A.~V.
		  and {Bamford}, S.~P. and {Barentsen}, G. and {Barmby}, P.
		  and {Baumbach}, A. and {Berry}, K.~L. and {Biscani}, F. and
		  {Boquien}, M. and {Bostroem}, K.~A. and {Bouma}, L.~G. and
		  {Brammer}, G.~B. and {Bray}, E.~M. and {Breytenbach}, H.
		  and {Buddelmeijer}, H. and {Burke}, D.~J. and {Calderone},
		  G. and {Cano Rodr{\'{\i}}guez}, J.~L. and {Cara}, M. and
		  {Cardoso}, J.~V.~M. and {Cheedella}, S. and {Copin}, Y. and
		  {Corrales}, L. and {Crichton}, D. and {D'Avella}, D. and
		  {Deil}, C. and {Depagne}, {\'E}. and {Dietrich}, J.~P. and
		  {Donath}, A. and {Droettboom}, M. and {Earl}, N. and
		  {Erben}, T. and {Fabbro}, S. and {Ferreira}, L.~A. and
		  {Finethy}, T. and {Fox}, R.~T. and {Garrison}, L.~H. and
		  {Gibbons}, S.~L.~J. and {Goldstein}, D.~A. and {Gommers},
		  R. and {Greco}, J.~P. and {Greenfield}, P. and {Groener},
		  A.~M. and {Grollier}, F. and {Hagen}, A. and {Hirst}, P.
		  and {Homeier}, D. and {Horton}, A.~J. and {Hosseinzadeh},
		  G. and {Hu}, L. and {Hunkeler}, J.~S. and {Ivezi{\'c}}, {\v
		  Z}. and {Jain}, A. and {Jenness}, T. and {Kanarek}, G. and
		  {Kendrew}, S. and {Kern}, N.~S. and {Kerzendorf}, W.~E. and
		  {Khvalko}, A. and {King}, J. and {Kirkby}, D. and
		  {Kulkarni}, A.~M. and {Kumar}, A. and {Lee}, A. and {Lenz},
		  D. and {Littlefair}, S.~P. and {Ma}, Z. and {Macleod},
		  D.~M. and {Mastropietro}, M. and {McCully}, C. and
		  {Montagnac}, S. and {Morris}, B.~M. and {Mueller}, M. and
		  {Mumford}, S.~J. and {Muna}, D. and {Murphy}, N.~A. and
		  {Nelson}, S. and {Nguyen}, G.~H. and {Ninan}, J.~P. and
		  {N{\"o}the}, M. and {Ogaz}, S. and {Oh}, S. and {Parejko},
		  J.~K. and {Parley}, N. and {Pascual}, S. and {Patil}, R.
		  and {Patil}, A.~A. and {Plunkett}, A.~L. and {Prochaska},
		  J.~X. and {Rastogi}, T. and {Reddy Janga}, V. and
		  {Sabater}, J. and {Sakurikar}, P. and {Seifert}, M. and
		  {Sherbert}, L.~E. and {Sherwood-Taylor}, H. and {Shih},
		  A.~Y. and {Sick}, J. and {Silbiger}, M.~T. and
		  {Singanamalla}, S. and {Singer}, L.~P. and {Sladen}, P.~H.
		  and {Sooley}, K.~A. and {Sornarajah}, S. and {Streicher},
		  O. and {Teuben}, P. and {Thomas}, S.~W. and {Tremblay},
		  G.~R. and {Turner}, J.~E.~H. and {Terr{\'o}n}, V. and {van
		  Kerkwijk}, M.~H. and {de la Vega}, A. and {Watkins}, L.~L.
		  and {Weaver}, B.~A. and {Whitmore}, J.~B. and {Woillez}, J.
		  and {Zabalza}, V. and {Astropy Contributors}},
  title		= "{The Astropy Project: Building an Open-science Project and
		  Status of the v2.0 Core Package}",
  journal	= {\aj},
  archiveprefix	= "arXiv",
  eprint	= {1801.02634},
  primaryclass	= "astro-ph.IM",
  keywords	= {methods: data analysis, methods: miscellaneous, methods:
		  statistical, reference systems },
  year		= 2018,
  month		= sep,
  volume	= 156,
  eid		= {123},
  pages		= {123},
  doi		= {10.3847/1538-3881/aabc4f},
  adsurl	= {http://adsabs.harvard.edu/abs/2018AJ....156..123A},
  adsnote	= {Provided by the SAO/NASA Astrophysics Data System}
}



@ARTICLE{foreman-mackey2013,
       author = {{Foreman-Mackey}, Daniel and {Hogg}, David W. and {Lang}, Dustin and
         {Goodman}, Jonathan},
        title = "{emcee: The MCMC Hammer}",
      journal = {\pasp},
     keywords = {Astrophysics - Instrumentation and Methods for Astrophysics, Physics - Computational Physics, Statistics - Computation},
         year = 2013,
        month = mar,
       volume = {125},
       number = {925},
        pages = {306},
          doi = {10.1086/670067},
archivePrefix = {arXiv},
       eprint = {1202.3665},
 primaryClass = {astro-ph.IM},
       adsurl = {https://ui.adsabs.harvard.edu/abs/2013PASP..125..306F},
      adsnote = {Provided by the SAO/NASA Astrophysics Data System}
}

@Article{	  matplotlib,
  author	= {{Hunter}, John D.},
  title		= "{Matplotlib: A 2D Graphics Environment}",
  journal	= {Computing in Science and Engineering},
  keywords	= {Python, Scripting languages, Application development,
		  Scientific programming},
  year		= 2007,
  month		= may,
  volume	= {9},
  pages		= {90-95},
  doi		= {10.1109/MCSE.2007.55},
  adsurl	= {https://ui.adsabs.harvard.edu/\#abs/2007CSE.....9...90H},
  adsnote	= {Provided by the SAO/NASA Astrophysics Data System}
}

@Article{	  astropy_1,
  author	= {{Astropy Collaboration} and {Robitaille}, T.~P. and
		  {Tollerud}, E.~J. and {Greenfield}, P. and {Droettboom}, M.
		  and {Bray}, E. and {Aldcroft}, T. and {Davis}, M. and
		  {Ginsburg}, A. and {Price-Whelan}, A.~M. and {Kerzendorf},
		  W.~E. and {Conley}, A. and {Crighton}, N. and {Barbary}, K.
		  and {Muna}, D. and {Ferguson}, H. and {Grollier}, F. and
		  {Parikh}, M.~M. and {Nair}, P.~H. and {Unther}, H.~M. and
		  {Deil}, C. and {Woillez}, J. and {Conseil}, S. and
		  {Kramer}, R. and {Turner}, J.~E.~H. and {Singer}, L. and
		  {Fox}, R. and {Weaver}, B.~A. and {Zabalza}, V. and
		  {Edwards}, Z.~I. and {Azalee Bostroem}, K. and {Burke},
		  D.~J. and {Casey}, A.~R. and {Crawford}, S.~M. and
		  {Dencheva}, N. and {Ely}, J. and {Jenness}, T. and
		  {Labrie}, K. and {Lim}, P.~L. and {Pierfederici}, F. and
		  {Pontzen}, A. and {Ptak}, A. and {Refsdal}, B. and
		  {Servillat}, M. and {Streicher}, O.},
  title		= "{Astropy: A community Python package for astronomy}",
  journal	= {\aap},
  archiveprefix	= "arXiv",
  eprint	= {1307.6212},
  primaryclass	= "astro-ph.IM",
  keywords	= {methods: data analysis, methods: miscellaneous, virtual
		  observatory tools},
  year		= 2013,
  month		= oct,
  volume	= 558,
  eid		= {A33},
  pages		= {A33},
  doi		= {10.1051/0004-6361/201322068},
  adsurl	= {http://adsabs.harvard.edu/abs/2013A%26A...558A..33A},
  adsnote	= {Provided by the SAO/NASA Astrophysics Data System}
}

@Book{		  numpy,
  title		= {A guide to NumPy},
  author	= {Oliphant, Travis E},
  series		= {},
  volume	= {1},
  year		= {2006},
  publisher	= {Trelgol Publishing USA}
}

@ARTICLE{BailerJones21,
       author = {{Bailer-Jones}, C.~A.~L. and {Rybizki}, J. and {Fouesneau}, M. and {Demleitner}, M. and {Andrae}, R.},
        title = "{Estimating Distances from Parallaxes. V. Geometric and Photogeometric Distances to 1.47 Billion Stars in Gaia Early Data Release 3}",
      journal = {\aj},
     keywords = {Catalogs, Galaxy structure, Bayesian statistics, Parallax, Stellar parallax, Photometric parallax, Distance indicators, Astrometry, Markov chain Monte Carlo, Absolute magnitude, 205, 622, 1900, 1197, 1618, 1231, 394, 80, 1889, 10, Astrophysics - Solar and Stellar Astrophysics, Astrophysics - Astrophysics of Galaxies},
         year = 2021,
        month = mar,
       volume = {161},
       number = {3},
          eid = {147},
        pages = {147},
          doi = {10.3847/1538-3881/abd806},
archivePrefix = {arXiv},
       eprint = {2012.05220},
 primaryClass = {astro-ph.SR},
       adsurl = {https://ui.adsabs.harvard.edu/abs/2021AJ....161..147B},
      adsnote = {Provided by the SAO/NASA Astrophysics Data System}
}

